<?xml version="1.0" encoding="UTF-8"?>
<record xmlns="http://www.loc.gov/MARC21/slim">
  <leader>01471cam a2200397Ia 4500</leader>
  <controlfield tag="001">000583108</controlfield>
  <controlfield tag="004">UFADB1504001</controlfield>
  <controlfield tag="005">20100203162650.0</controlfield>
  <controlfield tag="008">860919s1984    xx a     b    000|0 eng d</controlfield>
  <datafield tag="035" ind1=" " ind2=" ">
    <subfield code="a">(OCoLC)14236343</subfield>
  </datafield>
  <datafield tag="035" ind1="9" ind2=" ">
    <subfield code="a">ADB1504</subfield>
    <subfield code="b">UF</subfield>
  </datafield>
  <datafield tag="040" ind1=" " ind2=" ">
    <subfield code="a">FUG</subfield>
    <subfield code="c">FUG</subfield>
  </datafield>
  <datafield tag="049" ind1=" " ind2=" ">
    <subfield code="a">Flgj</subfield>
  </datafield>
  <datafield tag="090" ind1=" " ind2=" ">
    <subfield code="a">LD1780 1984</subfield>
    <subfield code="b">.B9591</subfield>
  </datafield>
  <datafield tag="100" ind1="1" ind2="0">
    <subfield code="a">Burkholder, Conrad,</subfield>
    <subfield code="d">1954-</subfield>
  </datafield>
  <datafield tag="245" ind1="1" ind2="0">
    <subfield code="a">1,3-Dipolar cycloadditions of fluorinated allenes and studies of fluorinated trimethylenemethanes /</subfield>
    <subfield code="c">by Conrad Burkholder.</subfield>
  </datafield>
  <datafield tag="260" ind1="1" ind2=" ">
    <subfield code="c">1984.</subfield>
  </datafield>
  <datafield tag="300" ind1=" " ind2=" ">
    <subfield code="a">iv, 291 leaves :</subfield>
    <subfield code="b">ill. ;</subfield>
    <subfield code="c">28 cm.</subfield>
  </datafield>
  <datafield tag="500" ind1=" " ind2=" ">
    <subfield code="a">Typescript.</subfield>
  </datafield>
  <datafield tag="502" ind1=" " ind2=" ">
    <subfield code="a">Thesis (Ph. D.)--University of Florida, 1984.</subfield>
  </datafield>
  <datafield tag="500" ind1=" " ind2=" ">
    <subfield code="a">Vita.</subfield>
  </datafield>
  <datafield tag="504" ind1=" " ind2=" ">
    <subfield code="a">Bibliography: leaves 284-290.</subfield>
  </datafield>
  <datafield tag="599" ind1=" " ind2=" ">
    <subfield code="a">sbb</subfield>
  </datafield>
  <datafield tag="650" ind1=" " ind2="0">
    <subfield code="a">Ring formation (Chemistry)</subfield>
  </datafield>
  <datafield tag="650" ind1=" " ind2="0">
    <subfield code="a">Allene.</subfield>
  </datafield>
  <datafield tag="650" ind1=" " ind2="0">
    <subfield code="a">Trimethylenemethane.</subfield>
  </datafield>
  <datafield tag="690" ind1=" " ind2=" ">
    <subfield code="a">Chemistry thesis Ph. D.</subfield>
  </datafield>
  <datafield tag="690" ind1=" " ind2=" ">
    <subfield code="a">Dissertations, Academic</subfield>
    <subfield code="z">UF</subfield>
    <subfield code="x">Chemistry.</subfield>
  </datafield>
  <datafield tag="852" ind1="0" ind2=" ">
    <subfield code="a">FU</subfield>
    <subfield code="b">UFSCI</subfield>
    <subfield code="c">DISS</subfield>
    <subfield code="h">LD1780 1984</subfield>
    <subfield code="i">.B9591</subfield>
    <subfield code="4">SCIENCE LIBRARY</subfield>
    <subfield code="5">Theses-Dissertations</subfield>
  </datafield>
  <datafield tag="852" ind1="8" ind2=" ">
    <subfield code="a">FU</subfield>
    <subfield code="b">UFSPE</subfield>
    <subfield code="c">ARDIS</subfield>
    <subfield code="4">SMATHERS, Special Collections</subfield>
    <subfield code="5">Theses &amp; Dissertations (Non-Circulating)</subfield>
  </datafield>
  <datafield tag="956" ind1=" " ind2=" ">
    <subfield code="a">NCRD</subfield>
    <subfield code="b">20</subfield>
    <subfield code="c">19861013</subfield>
  </datafield>
  <datafield tag="956" ind1=" " ind2=" ">
    <subfield code="a">CONV</subfield>
    <subfield code="b">20</subfield>
    <subfield code="c">20040404</subfield>
    <subfield code="l">UFU01</subfield>
    <subfield code="h"></subfield>
  </datafield>
  <datafield tag="956" ind1=" " ind2=" ">
    <subfield code="a">PRMMARLOWE</subfield>
    <subfield code="b">40</subfield>
    <subfield code="c">20100203</subfield>
    <subfield code="l">UFU01</subfield>
    <subfield code="h">1626</subfield>
  </datafield>
  <datafield tag="999" ind1=" " ind2=" ">
    <subfield code="a">ADB1504001</subfield>
  </datafield>
  <datafield tag="999" ind1=" " ind2=" ">
    <subfield code="a">ADB1504002</subfield>
  </datafield>
  <datafield tag="930" ind1="-" ind2="1">
    <subfield code="l">UFU01</subfield>
    <subfield code="L">BIB Catalog</subfield>
    <subfield code="m">BOOK</subfield>
    <subfield code="1">UFSCI</subfield>
    <subfield code="A">SCIENCE LIBRARY</subfield>
    <subfield code="2">DISS</subfield>
    <subfield code="B">Theses-Dissertations</subfield>
    <subfield code="h">LD1780 1984</subfield>
    <subfield code="i">.B9591</subfield>
    <subfield code="5">31262085532090</subfield>
    <subfield code="8">19860911</subfield>
    <subfield code="f">01</subfield>
    <subfield code="F">Regular Loan</subfield>
  </datafield>
</record>
